@book{lamport1994,
  author    = {Leslie Lamport},
  title     = {{LaTeX: A Document Preparation System}},
  publisher = {Addison-Wesley},
  year      = {1994},
  edition   = {2nd}
}

@article{einstein1905,
  author  = {Albert Einstein},
  title   = {{Zur Elektrodynamik bewegter K{\"o}rper}},
  journal = {Annalen der Physik},
  volume  = {322},
  number  = {10},
  pages   = {891--921},
  year    = {1905},
  doi     = {10.1002/andp.19053221004}
}